@misc{deitel:1,
	author = 	 {Harvey M. Deitel 1945},
	year = 	 {2015},
	title = 	 {Java : how to program : early objects / Paul Deitel (Deitel \& Associates, Inc.), Harvey Deitel (Deitel \& Associates, Inc.)},
	note = 	 {ID: 44BIR\_ALEPH\_DS003304362}
}
@misc{cs164:2,
author = {},
title = {Object Oriented Programming},
howpublished = {\url{https://www.cs.drexel.edu/~introcs/Fa15/notes/06.1_OOP/Disadvantages.html?CurrentSlide=2}},
month = {},
year = {},
note = {(Accessed on 11/16/2016)}
}
